@book{titchmarsh1986zeta,
  title={The Theory of the Riemann Zeta-Function},
  author={Titchmarsh, E. C.},
  edition={2nd},
  year={1986},
  publisher={Oxford University Press}
}

@book{davenport2000multiplicative,
  title={Multiplicative Number Theory},
  author={Davenport, Harold},
  edition={3rd},
  year={2000},
  publisher={Springer}
}

@book{king2009hilbert,
  title={Hilbert Transforms},
  author={King, F. W.},
  year={2009},
  publisher={Cambridge University Press}
}

@book{stein2003fourier,
  title={Fourier Analysis: An Introduction},
  author={Stein, Elias M. and Shakarchi, Rami},
  year={2003},
  publisher={Princeton University Press}
}

@article{bombieri2000clay,
  title={Problems of the millennium: The Riemann Hypothesis},
  author={Bombieri, Enrico},
  year={2000},
  publisher={Clay Mathematics Institute}
}

@article{connes1999trace,
  title={Trace formula in noncommutative geometry and the zeros of the Riemann zeta function},
  author={Connes, Alain},
  journal={Selecta Mathematica},
  volume={5},
  number={1},
  pages={29--106},
  year={1999}
}

@article{berry1999riemann,
  title={Riemann zeros and quantum chaos},
  author={Berry, Michael V. and Keating, Jonathan P.},
  journal={SIAM Review},
  volume={41},
  number={2},
  pages={236--266},
  year={1999}
}

@article{bender2002riemann,
  title={Hamiltonian for the zeros of the Riemann zeta function},
  author={Bender, Carl M. and Brody, Dorje C. and M{\"u}ller, Markus P.},
  journal={Physical Review Letters},
  volume={89},
  number={5},
  pages={057901},
  year={2002}
}

@article{odlyzko1987discrete,
  title={On the distribution of spacings between zeros of the zeta function},
  author={Odlyzko, Andrew M.},
  journal={Mathematics of Computation},
  volume={48},
  number={177},
  pages={273--308},
  year={1987}
}

@book{feynman1965path,
  title={Quantum Mechanics and Path Integrals},
  author={Feynman, Richard P. and Hibbs, Albert R.},
  year={1965},
  publisher={McGraw-Hill}
}

@article{dyson1962statistical,
  title={Statistical theory of the energy levels of complex systems. I},
  author={Dyson, Freeman J.},
  journal={Journal of Mathematical Physics},
  volume={3},
  number={1},
  pages={140--156},
  year={1962}
}
